@inproceedings{he2016deep,
  title={Deep residual learning for image recognition},
  author={He, Kaiming and Zhang, Xiangyu and Ren, Shaoqing and Sun, Jian},
  booktitle={Proceedings of the IEEE conference on computer vision and pattern recognition},
  pages={770--778},
  year={2016}
}

@inproceedings{chao2019hardnet,
  title={Hardnet: A low memory traffic network},
  author={Chao, Ping and Kao, Chao-Yang and Ruan, Yu-Shan and Huang, Chien-Hsiang and Lin, Youn-Long},
  booktitle={Proceedings of the IEEE/CVF International Conference on Computer Vision},
  pages={3552--3561},
  year={2019}
}

@article{chen2017deeplab,
  title={Deeplab: Semantic image segmentation with deep convolutional nets, atrous convolution, and fully connected crfs},
  author={Chen, Liang-Chieh and Papandreou, George and Kokkinos, Iasonas and Murphy, Kevin and Yuille, Alan L},
  journal={IEEE transactions on pattern analysis and machine intelligence},
  volume={40},
  number={4},
  pages={834--848},
  year={2017},
  publisher={IEEE}
}

@inproceedings{huang2017densely,
  title={Densely connected convolutional networks},
  author={Huang, Gao and Liu, Zhuang and Van Der Maaten, Laurens and Weinberger, Kilian Q},
  booktitle={Proceedings of the IEEE conference on computer vision and pattern recognition},
  pages={4700--4708},
  year={2017}
}

@article{hu2017log,
  title={Log-DenseNet: How to sparsify a densenet},
  author={Hu, Hanzhang and Dey, Debadeepta and Del Giorno, Allison and Hebert, Martial and Bagnell, J Andrew},
  journal={arXiv preprint arXiv:1711.00002},
  year={2017}
}

@article{larsson2016fractalnet,
  title={Fractalnet: Ultra-deep neural networks without residuals},
  author={Larsson, Gustav and Maire, Michael and Shakhnarovich, Gregory},
  journal={arXiv preprint arXiv:1605.07648},
  year={2016}
}

@inproceedings{ronneberger2015u,
  title={U-net: Convolutional networks for biomedical image segmentation},
  author={Ronneberger, Olaf and Fischer, Philipp and Brox, Thomas},
  booktitle={International Conference on Medical image computing and computer-assisted intervention},
  pages={234--241},
  year={2015},
  organization={Springer}
}

@online{bengio2019,
  title={The Rise of Neural Networks and Deep Learning in Our Everyday Lives â€“ A Conversation with Yoshua Bengio},
  author={Bengio, Yoshua and Faggella, Daniel},
  year=2019,
  urldate = {2019-04-023},
  url={https://emerj.com/ai-podcast-interviews/the-rise-of-neural-networks-and-deep-learning-in-our-everyday-lives-a-conversation-with-yoshua-bengio/}
}

@article{silver2016alphago,
  title={AlphaGo: Mastering the ancient game of Go with Machine Learning},
  author={Silver, David and Hassabis, Demis},
  journal={Research Blog},
  volume={9},
  year={2016}
}

@article{rosenblatt1958perceptron,
  title={The perceptron: a probabilistic model for information storage and organization in the brain.},
  author={Rosenblatt, Frank},
  journal={Psychological review},
  volume={65},
  number={6},
  pages={386},
  year={1958},
  publisher={American Psychological Association}
}

@book{Goodfellow-et-al-2016,
    title={Deep Learning},
    author={Ian Goodfellow and Yoshua Bengio and Aaron Courville},
    publisher={MIT Press},
    note={\url{http://www.deeplearningbook.org}},
    year={2016}
}

@inproceedings{schroff2015facenet,
  title={Facenet: A unified embedding for face recognition and clustering},
  author={Schroff, Florian and Kalenichenko, Dmitry and Philbin, James},
  booktitle={Proceedings of the IEEE conference on computer vision and pattern recognition},
  pages={815--823},
  year={2015}
}

@inproceedings{goodfellow2014generative,
  title={Generative adversarial nets},
  author={Goodfellow, Ian and Pouget-Abadie, Jean and Mirza, Mehdi and Xu, Bing and Warde-Farley, David and Ozair, Sherjil and Courville, Aaron and Bengio, Yoshua},
  booktitle={Advances in neural information processing systems},
  pages={2672--2680},
  year={2014}
}

@article{kingma2014adam,
  title={Adam: A method for stochastic optimization},
  author={Kingma, Diederik P and Ba, Jimmy},
  journal={arXiv preprint arXiv:1412.6980},
  year={2014}
}

@article{zeiler2012adadelta,
  title={ADADELTA: an adaptive learning rate method},
  author={Zeiler, Matthew D},
  journal={arXiv preprint arXiv:1212.5701},
  year={2012}
}

@article{tieleman2014rmsprop,
  title={RMSprop gradient optimization},
  author={Tieleman, Tijmen and Hinton, Geoffery},
  url={http://www.cs.toronto.edu/tijmen/csc321/slides/lecture\_slides\_lec6.pdf},
  year={2014}
}

@article{Simonyan14c,
    author       = "Simonyan, K. and Zisserman, A.",
    title        = "Very Deep Convolutional Networks for Large-Scale Image Recognition",
    journal      = "CoRR",
    volume       = "abs/1409.1556",
    year         = "2014"
}

@inproceedings{he2016resnet,
  title={Deep residual learning for image recognition},
  author={He, Kaiming and Zhang, Xiangyu and Ren, Shaoqing and Sun, Jian},
  booktitle={Proceedings of the IEEE conference on computer vision and pattern recognition},
  pages={770--778},
  year={2016}
}

@inproceedings{murez2018image,
  title={Image to image translation for domain adaptation},
  author={Murez, Zak and Kolouri, Soheil and Kriegman, David and Ramamoorthi, Ravi and Kim, Kyungnam},
  booktitle={Proceedings of the IEEE Conference on Computer Vision and Pattern Recognition},
  pages={4500--4509},
  year={2018}
}

@inproceedings{cordts2015cityscapes,
  title={The cityscapes dataset},
  author={Cordts, Marius and Omran, Mohamed and Ramos, Sebastian and Scharw{\"a}chter, Timo and Enzweiler, Markus and Benenson, Rodrigo and Franke, Uwe and Roth, Stefan and Schiele, Bernt},
  booktitle={CVPR Workshop on the Future of Datasets in Vision},
  volume={2},
  year={2015}
}

@inproceedings{dosovitskiy2017carla,
  title={CARLA: An open urban driving simulator},
  author={Dosovitskiy, Alexey and Ros, German and Codevilla, Felipe and Lopez, Antonio and Koltun, Vladlen},
  booktitle={Conference on robot learning},
  pages={1--16},
  year={2017},
  organization={PMLR}
}

@article{zhang2018generalized,
  title={Generalized cross entropy loss for training deep neural networks with noisy labels},
  author={Zhang, Zhilu and Sabuncu, Mert R},
  journal={arXiv preprint arXiv:1805.07836},
  year={2018}
}

@incollection{sudre2017generalised,
  title={Generalised dice overlap as a deep learning loss function for highly unbalanced segmentations},
  author={Sudre, Carole H and Li, Wenqi and Vercauteren, Tom and Ourselin, Sebastien and Cardoso, M Jorge},
  booktitle={Deep learning in medical image analysis and multimodal learning for clinical decision support},
  pages={240--248},
  year={2017},
  publisher={Springer}
}

@incollection{kim2017convolutional,
  title={Convolutional neural network},
  author={Kim, Phil},
  booktitle={MATLAB deep learning},
  pages={121--147},
  year={2017},
  publisher={Springer}
}

@article{creswell2018generative,
  title={Generative adversarial networks: An overview},
  author={Creswell, Antonia and White, Tom and Dumoulin, Vincent and Arulkumaran, Kai and Sengupta, Biswa and Bharath, Anil A},
  journal={IEEE Signal Processing Magazine},
  volume={35},
  number={1},
  pages={53--65},
  year={2018},
  publisher={IEEE}
}

@incollection{bottou2012stochastic,
  title={Stochastic gradient descent tricks},
  author={Bottou, L{\'e}on},
  booktitle={Neural networks: Tricks of the trade},
  pages={421--436},
  year={2012},
  publisher={Springer}
}

@inproceedings{wang2020classes,
  title={Classes Matter: A Fine-grained Adversarial Approach to Cross-domain Semantic Segmentation},
  author={Wang, Haoran and Shen, Tong and Zhang, Wei and Duan, Ling-Yu and Mei, Tao},
  booktitle={European Conference on Computer Vision},
  pages={642--659},
  year={2020},
  organization={Springer}
}